%% This BibTeX bibliography file was created using BibDesk.
%% https://bibdesk.sourceforge.io/

%% Created for Jonathan Michala at 2018-07-22 01:41:45 -0400 


%% Saved with string encoding Unicode (UTF-8) 



@book{1976AshcroftMermin,
	Author = {Neil W. Ashcroft and N. David Mermin},
	Date-Added = {2018-07-21 18:48:39 +0000},
	Date-Modified = {2018-07-21 18:52:16 +0000},
	Editor = {Dorothy Garbose Crane},
	Publisher = {Harcourt College Publishers},
	Title = {Solid State Physics},
	Year = {1976}}

@article{2009CastroNeto,
	Author = {A. H. Castro Neto and F. Guinea and N. M. R. Peres and K. S. Novoselov and A. K. Geim},
	Date-Added = {2018-07-21 18:44:23 +0000},
	Date-Modified = {2018-07-21 18:48:10 +0000},
	Journal = {Reviews of Modern Physics},
	Month = {January},
	Pages = {109-162},
	Title = {The electronic properties of graphene},
	Volume = {81},
	Year = {2009},
	Bdsk-File-1 = {YnBsaXN0MDDUAQIDBAUGJCVYJHZlcnNpb25YJG9iamVjdHNZJGFyY2hpdmVyVCR0b3ASAAGGoKgHCBMUFRYaIVUkbnVsbNMJCgsMDxJXTlMua2V5c1pOUy5vYmplY3RzViRjbGFzc6INDoACgAOiEBGABIAFgAdccmVsYXRpdmVQYXRoWWFsaWFzRGF0YV8QKzIwMDlDYXN0cm8tTmV0b0d1aW5lYVBlcmVzTm92b3NlbG92R2VpbS5wZGbSFwsYGVdOUy5kYXRhTxECLAAAAAACLAACAAAMTWFjaW50b3NoIEhEAAAAAAAAAAAAAAAAAAAA01BxVkgrAAABQ3Z4HzIwMDlDYXN0cm8tTmV0b0d1aW4jMTU4RENGRi5wZGYAAAAAAAAAAAAAAAAAAAAAAAAAAAAAAAAAAAAAAAAAAAFY3P/XePcwAAAAAAAAAAAAAQACAAAJIAAAAAAAAAAAAAAAAAAAAAVOb3RlcwAAEAAIAADTUKmWAAAAEQAIAADXeS9wAAAAAQAUAUN2eAEqKS8AkIU0AAmPswAGMLwAAgBnTWFjaW50b3NoIEhEOlVzZXJzOgBqb25hdGhhbm1pY2hhbGE6AEFsbCBEb2N1bWVudHM6AERPTWF0aCAyMDE4OgBOb3RlczoAMjAwOUNhc3Ryby1OZXRvR3VpbiMxNThEQ0ZGLnBkZgAADgBYACsAMgAwADAAOQBDAGEAcwB0AHIAbwAtAE4AZQB0AG8ARwB1AGkAbgBlAGEAUABlAHIAZQBzAE4AbwB2AG8AcwBlAGwAbwB2AEcAZQBpAG0ALgBwAGQAZgAPABoADABNAGEAYwBpAG4AdABvAHMAaAAgAEgARAASAGFVc2Vycy9qb25hdGhhbm1pY2hhbGEvQWxsIERvY3VtZW50cy9ET01hdGggMjAxOC9Ob3Rlcy8yMDA5Q2FzdHJvLU5ldG9HdWluZWFQZXJlc05vdm9zZWxvdkdlaW0ucGRmAAATAAEvAAAVAAIAFv//AACABtIbHB0eWiRjbGFzc25hbWVYJGNsYXNzZXNdTlNNdXRhYmxlRGF0YaMdHyBWTlNEYXRhWE5TT2JqZWN00hscIiNcTlNEaWN0aW9uYXJ5oiIgXxAPTlNLZXllZEFyY2hpdmVy0SYnVHJvb3SAAQAIABEAGgAjAC0AMgA3AEAARgBNAFUAYABnAGoAbABuAHEAcwB1AHcAhACOALwAwQDJAvkC+wMAAwsDFAMiAyYDLQM2AzsDSANLA10DYANlAAAAAAAAAgEAAAAAAAAAKAAAAAAAAAAAAAAAAAAAA2c=}}

@article{1988Haldane,
	Author = {F. D. M. Haldane},
	Date-Added = {2018-07-21 18:40:42 +0000},
	Date-Modified = {2018-07-21 18:43:09 +0000},
	Journal = {Physical Review Letters},
	Month = {October},
	Number = {18},
	Pages = {2015-2018},
	Title = {Model for a Quantum Hall Effect without Landau Levels: Condensed-Matter Realization of the "Parity Anomaly"},
	Volume = {61},
	Year = {1988},
	Bdsk-File-1 = {YnBsaXN0MDDUAQIDBAUGJCVYJHZlcnNpb25YJG9iamVjdHNZJGFyY2hpdmVyVCR0b3ASAAGGoKgHCBMUFRYaIVUkbnVsbNMJCgsMDxJXTlMua2V5c1pOUy5vYmplY3RzViRjbGFzc6INDoACgAOiEBGABIAFgAdccmVsYXRpdmVQYXRoWWFsaWFzRGF0YV8QDzE5ODhIYWxkYW5lLnBkZtIXCxgZV05TLmRhdGFPEQHIAAAAAAHIAAIAAAxNYWNpbnRvc2ggSEQAAAAAAAAAAAAAAAAAAADTUHFWSCsAAAFDdngPMTk4OEhhbGRhbmUucGRmAAAAAAAAAAAAAAAAAAAAAAAAAAAAAAAAAAAAAAAAAAAAAAAAAAAAAAAAAAAAAAAAAVjcf9d49t8AAAAAAAAAAAABAAIAAAkgAAAAAAAAAAAAAAAAAAAABU5vdGVzAAAQAAgAANNQqZYAAAARAAgAANd5Lx8AAAABABQBQ3Z4ASopLwCQhTQACY+zAAYwvAACAFdNYWNpbnRvc2ggSEQ6VXNlcnM6AGpvbmF0aGFubWljaGFsYToAQWxsIERvY3VtZW50czoARE9NYXRoIDIwMTg6AE5vdGVzOgAxOTg4SGFsZGFuZS5wZGYAAA4AIAAPADEAOQA4ADgASABhAGwAZABhAG4AZQAuAHAAZABmAA8AGgAMAE0AYQBjAGkAbgB0AG8AcwBoACAASABEABIARVVzZXJzL2pvbmF0aGFubWljaGFsYS9BbGwgRG9jdW1lbnRzL0RPTWF0aCAyMDE4L05vdGVzLzE5ODhIYWxkYW5lLnBkZgAAEwABLwAAFQACABb//wAAgAbSGxwdHlokY2xhc3NuYW1lWCRjbGFzc2VzXU5TTXV0YWJsZURhdGGjHR8gVk5TRGF0YVhOU09iamVjdNIbHCIjXE5TRGljdGlvbmFyeaIiIF8QD05TS2V5ZWRBcmNoaXZlctEmJ1Ryb290gAEACAARABoAIwAtADIANwBAAEYATQBVAGAAZwBqAGwAbgBxAHMAdQB3AIQAjgCgAKUArQJ5AnsCgAKLApQCogKmAq0CtgK7AsgCywLdAuAC5QAAAAAAAAIBAAAAAAAAACgAAAAAAAAAAAAAAAAAAALn}}

@article{1984Berry,
	Author = {M. V. Berry},
	Date-Added = {2018-07-21 18:36:39 +0000},
	Date-Modified = {2018-07-21 18:39:06 +0000},
	Journal = {Proceedings of the Royal Society},
	Month = {June},
	Number = {392},
	Pages = {45-57},
	Title = {Quantal phase factors accompanying adiabatic changes},
	Volume = {A},
	Year = {1984},
	Bdsk-File-1 = {YnBsaXN0MDDUAQIDBAUGJCVYJHZlcnNpb25YJG9iamVjdHNZJGFyY2hpdmVyVCR0b3ASAAGGoKgHCBMUFRYaIVUkbnVsbNMJCgsMDxJXTlMua2V5c1pOUy5vYmplY3RzViRjbGFzc6INDoACgAOiEBGABIAFgAdccmVsYXRpdmVQYXRoWWFsaWFzRGF0YV8QFzYgLSBCZXJyeSBDdXJ2YXR1cmUucGRm0hcLGBlXTlMuZGF0YU8RAegAAAAAAegAAgAADE1hY2ludG9zaCBIRAAAAAAAAAAAAAAAAAAAANNQcVZIKwAAAUN2eBc2IC0gQmVycnkgQ3VydmF0dXJlLnBkZgAAAAAAAAAAAAAAAAAAAAAAAAAAAAAAAAAAAAAAAAAAAAAAAAAAAAABTxMz10/n5wAAAAAAAAAAAAEAAgAACSAAAAAAAAAAAAAAAAAAAAAFTm90ZXMAABAACAAA01CplgAAABEACAAA11AgJwAAAAEAFAFDdngBKikvAJCFNAAJj7MABjC8AAIAX01hY2ludG9zaCBIRDpVc2VyczoAam9uYXRoYW5taWNoYWxhOgBBbGwgRG9jdW1lbnRzOgBET01hdGggMjAxODoATm90ZXM6ADYgLSBCZXJyeSBDdXJ2YXR1cmUucGRmAAAOADAAFwA2ACAALQAgAEIAZQByAHIAeQAgAEMAdQByAHYAYQB0AHUAcgBlAC4AcABkAGYADwAaAAwATQBhAGMAaQBuAHQAbwBzAGgAIABIAEQAEgBNVXNlcnMvam9uYXRoYW5taWNoYWxhL0FsbCBEb2N1bWVudHMvRE9NYXRoIDIwMTgvTm90ZXMvNiAtIEJlcnJ5IEN1cnZhdHVyZS5wZGYAABMAAS8AABUAAgAW//8AAIAG0hscHR5aJGNsYXNzbmFtZVgkY2xhc3Nlc11OU011dGFibGVEYXRhox0fIFZOU0RhdGFYTlNPYmplY3TSGxwiI1xOU0RpY3Rpb25hcnmiIiBfEA9OU0tleWVkQXJjaGl2ZXLRJidUcm9vdIABAAgAEQAaACMALQAyADcAQABGAE0AVQBgAGcAagBsAG4AcQBzAHUAdwCEAI4AqACtALUCoQKjAqgCswK8AsoCzgLVAt4C4wLwAvMDBQMIAw0AAAAAAAACAQAAAAAAAAAoAAAAAAAAAAAAAAAAAAADDw==}}

@book{2005Griffiths,
	Author = {David J. Griffiths},
	Date-Added = {2018-07-21 18:32:46 +0000},
	Date-Modified = {2018-07-21 18:35:48 +0000},
	Edition = {Second Edition},
	Editor = {John Challice},
	Publisher = {Pearson Education},
	Title = {Introduction to Quantum Mechanics},
	Year = {2005},
	Bdsk-File-1 = {YnBsaXN0MDDUAQIDBAUGJCVYJHZlcnNpb25YJG9iamVjdHNZJGFyY2hpdmVyVCR0b3ASAAGGoKgHCBMUFRYaIVUkbnVsbNMJCgsMDxJXTlMua2V5c1pOUy5vYmplY3RzViRjbGFzc6INDoACgAOiEBGABIAFgAdccmVsYXRpdmVQYXRoWWFsaWFzRGF0YV8QFjQgLSBHcmlmZml0aHNfaXRxbS5wZGbSFwsYGVdOUy5kYXRhTxEB4gAAAAAB4gACAAAMTWFjaW50b3NoIEhEAAAAAAAAAAAAAAAAAAAA01BxVkgrAAABQ3Z4FjQgLSBHcmlmZml0aHNfaXRxbS5wZGYAAAAAAAAAAAAAAAAAAAAAAAAAAAAAAAAAAAAAAAAAAAAAAAAAAAAAAAFEcA/XPG+9AAAAAAAAAAAAAQACAAAJIAAAAAAAAAAAAAAAAAAAAAVOb3RlcwAAEAAIAADTUKmWAAAAEQAIAADXPKf9AAAAAQAUAUN2eAEqKS8AkIU0AAmPswAGMLwAAgBeTWFjaW50b3NoIEhEOlVzZXJzOgBqb25hdGhhbm1pY2hhbGE6AEFsbCBEb2N1bWVudHM6AERPTWF0aCAyMDE4OgBOb3RlczoANCAtIEdyaWZmaXRoc19pdHFtLnBkZgAOAC4AFgA0ACAALQAgAEcAcgBpAGYAZgBpAHQAaABzAF8AaQB0AHEAbQAuAHAAZABmAA8AGgAMAE0AYQBjAGkAbgB0AG8AcwBoACAASABEABIATFVzZXJzL2pvbmF0aGFubWljaGFsYS9BbGwgRG9jdW1lbnRzL0RPTWF0aCAyMDE4L05vdGVzLzQgLSBHcmlmZml0aHNfaXRxbS5wZGYAEwABLwAAFQACABb//wAAgAbSGxwdHlokY2xhc3NuYW1lWCRjbGFzc2VzXU5TTXV0YWJsZURhdGGjHR8gVk5TRGF0YVhOU09iamVjdNIbHCIjXE5TRGljdGlvbmFyeaIiIF8QD05TS2V5ZWRBcmNoaXZlctEmJ1Ryb290gAEACAARABoAIwAtADIANwBAAEYATQBVAGAAZwBqAGwAbgBxAHMAdQB3AIQAjgCnAKwAtAKaApwCoQKsArUCwwLHAs4C1wLcAukC7AL+AwEDBgAAAAAAAAIBAAAAAAAAACgAAAAAAAAAAAAAAAAAAAMI}}

@phdthesis{2016LeeThorp,
	Author = {James P. Lee-Thorp},
	Date-Added = {2018-07-21 18:26:00 +0000},
	Date-Modified = {2018-07-21 18:31:41 +0000},
	School = {Columbia University},
	Title = {Bifurcation perspective on topologically protected and non-protected states in continuous systems},
	Year = {2016},
	Bdsk-File-1 = {YnBsaXN0MDDUAQIDBAUGJCVYJHZlcnNpb25YJG9iamVjdHNZJGFyY2hpdmVyVCR0b3ASAAGGoKgHCBMUFRYaIVUkbnVsbNMJCgsMDxJXTlMua2V5c1pOUy5vYmplY3RzViRjbGFzc6INDoACgAOiEBGABIAFgAdccmVsYXRpdmVQYXRoWWFsaWFzRGF0YV8QETMgLSBMZWUtVGhvcnAucGRm0hcLGBlXTlMuZGF0YU8RAdAAAAAAAdAAAgAADE1hY2ludG9zaCBIRAAAAAAAAAAAAAAAAAAAANNQcVZIKwAAAUN2eBEzIC0gTGVlLVRob3JwLnBkZgAAAAAAAAAAAAAAAAAAAAAAAAAAAAAAAAAAAAAAAAAAAAAAAAAAAAAAAAAAAAABRDr31zs47wAAAAAAAAAAAAEAAgAACSAAAAAAAAAAAAAAAAAAAAAFTm90ZXMAABAACAAA01CplgAAABEACAAA1ztxLwAAAAEAFAFDdngBKikvAJCFNAAJj7MABjC8AAIAWU1hY2ludG9zaCBIRDpVc2VyczoAam9uYXRoYW5taWNoYWxhOgBBbGwgRG9jdW1lbnRzOgBET01hdGggMjAxODoATm90ZXM6ADMgLSBMZWUtVGhvcnAucGRmAAAOACQAEQAzACAALQAgAEwAZQBlAC0AVABoAG8AcgBwAC4AcABkAGYADwAaAAwATQBhAGMAaQBuAHQAbwBzAGgAIABIAEQAEgBHVXNlcnMvam9uYXRoYW5taWNoYWxhL0FsbCBEb2N1bWVudHMvRE9NYXRoIDIwMTgvTm90ZXMvMyAtIExlZS1UaG9ycC5wZGYAABMAAS8AABUAAgAW//8AAIAG0hscHR5aJGNsYXNzbmFtZVgkY2xhc3Nlc11OU011dGFibGVEYXRhox0fIFZOU0RhdGFYTlNPYmplY3TSGxwiI1xOU0RpY3Rpb25hcnmiIiBfEA9OU0tleWVkQXJjaGl2ZXLRJidUcm9vdIABAAgAEQAaACMALQAyADcAQABGAE0AVQBgAGcAagBsAG4AcQBzAHUAdwCEAI4AogCnAK8CgwKFAooClQKeAqwCsAK3AsACxQLSAtUC5wLqAu8AAAAAAAACAQAAAAAAAAAoAAAAAAAAAAAAAAAAAAAC8Q==}}
